<record><leader>00000cas a2200000 a 4500</leader><controlfield tag="001">40700308</controlfield><controlfield tag="008">990129d19992001tnudr ne      0    0eng c</controlfield><datafield ind1=" " ind2=" " tag="010"><subfield code="a">sn 98069516 </subfield></datafield><datafield ind1=" " ind2=" " tag="040"><subfield code="a">TGN</subfield><subfield code="b">eng</subfield><subfield code="c">TGN</subfield><subfield code="d">DLC</subfield><subfield code="d">OCLCQ</subfield><subfield code="d">OCLCF</subfield></datafield><datafield ind1="1" ind2=" " tag="029"><subfield code="a">AU@</subfield><subfield code="b">000014546344</subfield></datafield><datafield ind1=" " ind2=" " tag="042"><subfield code="a">pcc</subfield></datafield><datafield ind1=" " ind2=" " tag="043"><subfield code="a">n-us-tn</subfield></datafield><datafield ind1="0" ind2="0" tag="050"><subfield code="a">Newspaper</subfield></datafield><datafield ind1="0" ind2="0" tag="245"><subfield code="a">Chattanooga times, Chattanooga free press.</subfield></datafield><datafield ind1="1" ind2="3" tag="246"><subfield code="a">Chattanooga times and Chattanooga free press</subfield></datafield><datafield ind1=" " ind2=" " tag="260"><subfield code="a">Chattanooga, Tenn. :</subfield><subfield code="b">Chattanooga Pub. Co.,</subfield><subfield code="c">1999-2001.</subfield></datafield><datafield ind1=" " ind2=" " tag="300"><subfield code="a">v.</subfield></datafield><datafield ind1=" " ind2=" " tag="310"><subfield code="a">Daily</subfield></datafield><datafield ind1="0" ind2=" " tag="362"><subfield code="a">Vol. 130, no. 17 (Jan. 5, 1999)-v. 132, no. 21 (Jan. 4, 2001).</subfield></datafield><datafield ind1=" " ind2=" " tag="530"><subfield code="a">Also issued online.</subfield></datafield><datafield ind1=" " ind2=" " tag="580"><subfield code="a">Formed by the union of: The Chattanooga times, and: Chattanooga free press.</subfield></datafield><datafield ind1=" " ind2="0" tag="651"><subfield code="a">Chattanooga (Tenn.)</subfield><subfield code="v">Newspapers.</subfield></datafield><datafield ind1=" " ind2="0" tag="651"><subfield code="a">Hamilton County (Tenn.)</subfield><subfield code="v">Newspapers.</subfield></datafield><datafield ind1=" " ind2="7" tag="655"><subfield code="a">Newspapers.</subfield><subfield code="2">fast</subfield><subfield code="0">(OCoLC)fst01423814</subfield></datafield><datafield ind1=" " ind2="7" tag="651"><subfield code="a">Tennessee</subfield><subfield code="z">Chattanooga.</subfield><subfield code="2">fast</subfield><subfield code="0">(OCoLC)fst01205713</subfield></datafield><datafield ind1=" " ind2="7" tag="651"><subfield code="a">Tennessee</subfield><subfield code="z">Hamilton County.</subfield><subfield code="2">fast</subfield><subfield code="0">(OCoLC)fst01209591</subfield></datafield><datafield ind1=" " ind2=" " tag="752"><subfield code="a">United States</subfield><subfield code="b">Tennessee</subfield><subfield code="c">Hamilton</subfield><subfield code="d">Chattanooga.</subfield></datafield><datafield ind1="1" ind2="4" tag="780"><subfield code="t">Chattanooga times</subfield><subfield code="w">(DLC)sn 85042696</subfield></datafield><datafield ind1="1" ind2="4" tag="780"><subfield code="t">Chattanooga free press</subfield><subfield code="w">(DLC)sn 98058171</subfield><subfield code="w">(OCoLC)32067097</subfield></datafield><datafield ind1="0" ind2="0" tag="785"><subfield code="t">Chattanooga times free press</subfield><subfield code="w">(DLC)  2010218521</subfield><subfield code="w">(OCoLC)642695199</subfield></datafield><datafield ind1="4" ind2="1" tag="856"><subfield code="u">http://www.timesfreepress.com</subfield></datafield></record>